@misc{emarsys,
 author    = {L. Tjepkema},
 title     = {A (Brief) History of Spam Filtering and Deliverability},
 year      = {2013},
 institution     = {emarsys},
 url = {https://emarsys.com/learn/blog/a-brief-history-of-spam-filtering/-and-deliverability-gunter-haselberger/#:~:text=The\%20late\%201990s\%20\%2F\%20early\%202000s,keywords\%2C\%20patterns\%20or\%20special\%20characters.}
}

@Article{hindawi,
  author = 	 "N. Ahmed and R. Amin and et al",
  title = 	 "Machine Learning Techniques for Spam Detection in Email and IoT Platforms: Analysis and Research Challenges",
  journal = "Security, Trust, and Privacy in Machine Learning and Internet of Things",
  year = 	 "2021",
  doi = "10.1155/2022/1862888",
  editor =	 "W. Li",
}

@Article{sciencedirect,
  author = "I. AbdulNabi and Q. Yaseen",
  title =  "Spam Email Detection Using Deep Learning Techniques",
  journal = "Procedia Computer Science",
  year =   "2021",
  volume = "184",
  doi = "10.1016/j.procs.2021.03.107",
  
}

@Article{springer,
  author = 	 "M. Crawford and T. M. Khoshgoftaar and et al",
  title = 	 "Survey of review spam detection using machine learning techniques",
  journal  = 	 "Journal of Big Data",
  year = 	 "2015",
  doi =	 "10.1186/s40537-015-0029-9"
}

@Article{nlm,
  author =       "S. Kaddoura and G. Chandrasekaran and et al",
  title =        "A systematic literature review on spam content detection and classification",
  journal =    "PeerJ Computer Science",
  doi =      "10.7717/peerj-cs.830",
  year =         "2022"
}

@misc{dataset,
    author = "Faisal Qureshi",
    title = "Dataset of Spam Email",
    year = "2021",
    url = "https://www.kaggle.com/datasets/mfaisalqureshi/spam-email"
}
